@inproceedings{molyneux2020abc,
  title={ABC (SMC) $$\^{} 2$$: Simultaneous Inference and Model Checking of Chemical Reaction Networks},
  author={Molyneux, Gareth W and Abate, Alessandro},
  booktitle={International Conference on Computational Methods in Systems Biology},
  pages={255--279},
  year={2020},
  organization={Springer}
}
@inproceedings{molyneux2019bayesian,
  title={Bayesian verification of chemical reaction networks},
  author={Molyneux, Gareth W and Wijesuriya, Viraj B and Abate, Alessandro},
  booktitle={International Symposium on Formal Methods},
  pages={461--479},
  year={2019},
  organization={Springer}
}
@incollection{sokolova2004probabilistic,
  title={Probabilistic automata: system types, parallel composition and comparison},
  author={Sokolova, Ana and De Vink, Erik P},
  booktitle={Validation of Stochastic Systems},
  pages={1--43},
  year={2004},
  publisher={Springer}
}
@article{10.2307/3212273,
 ISSN = {00219002},
 URL = {http://www.jstor.org/stable/3212273},
 author = {J. F. C. Kingman},
 journal = {Journal of Applied Probability},
 number = {1},
 pages = {1--18},
 publisher = {Applied Probability Trust},
 title = {Markov Population Processes},
 volume = {6},
 year = {1969}
}

