@article{agha2018survey,
  title     = {A survey of statistical model checking},
  author    = {Agha, Gul and Palmskog, Karl},
  journal   = {ACM Transactions on Modeling and Computer Simulation (TOMACS)},
  volume    = {28},
  number    = {1},
  pages     = {1--39},
  year      = {2018},
  publisher = {ACM New York, NY, USA}
}

@inproceedings{clarke2011model,
  title        = {Model checking and the state explosion problem},
  author       = {Clarke, Edmund M and Klieber, William and Nov{\'a}{\v{c}}ek, Milo{\v{s}} and Zuliani, Paolo},
  booktitle    = {LASER Summer School on Software Engineering},
  pages        = {1--30},
  year         = {2011},
  organization = {Springer}
}

@article{hoeffding1963probability,
  title   = {Probability inequalities for sums of bounded random variables. American Statistical Association â€žJournal, 13--30. Katz, S.(1987). Estimation of probabilities from sparse data for the language model component of a speech recognizer},
  author  = {Hoeffding, W},
  journal = {IEEE Transactions on Acoustic, Speech and Signal Processing},
  volume  = {35},
  pages   = {400--401},
  year    = {1963}
}
@article{okamoto1959some,
  title     = {Some inequalities relating to the partial sum of binomial probabilities},
  author    = {Okamoto, Masashi},
  journal   = {Annals of the institute of Statistical Mathematics},
  volume    = {10},
  number    = {1},
  pages     = {29--35},
  year      = {1959},
  publisher = {Springer}
}

@article{massart1990tight,
  title     = {The tight constant in the Dvoretzky-Kiefer-Wolfowitz inequality},
  author    = {Massart, Pascal},
  journal   = {The annals of Probability},
  pages     = {1269--1283},
  year      = {1990},
  publisher = {JSTOR}
}

@techreport{younes2005verification,
  title       = {Verification and planning for stochastic processes with asynchronous events},
  author      = {Younes, Hakan L},
  year        = {2005},
  institution = {CARNEGIE-MELLON UNIV PITTSBURGH PA SCHOOL OF COMPUTER SCIENCE}
}

@article{wald1945sequential,
  title     = {Sequential tests of statistical hypotheses},
  author    = {Wald, Abraham},
  journal   = {The annals of mathematical statistics},
  volume    = {16},
  number    = {2},
  pages     = {117--186},
  year      = {1945},
  publisher = {JSTOR}
}
@inproceedings{kwiatkowska2002prism,
  title        = {PRISM: Probabilistic symbolic model checker},
  author       = {Kwiatkowska, Marta and Norman, Gethin and Parker, David},
  booktitle    = {International Conference on Modelling Techniques and Tools for Computer Performance Evaluation},
  pages        = {200--204},
  year         = {2002},
  organization = {Springer}
}
