@inproceedings{molyneux2020abc,
  title={ABC (SMC) $$\^{} 2$$: Simultaneous Inference and Model Checking of Chemical Reaction Networks},
  author={Molyneux, Gareth W and Abate, Alessandro},
  booktitle={International Conference on Computational Methods in Systems Biology},
  pages={255--279},
  year={2020},
  organization={Springer}
}
@incollection{sokolova2004probabilistic,
  title={Probabilistic automata: system types, parallel composition and comparison},
  author={Sokolova, Ana and De Vink, Erik P},
  booktitle={Validation of Stochastic Systems},
  pages={1--43},
  year={2004},
  publisher={Springer}
}

