@inproceedings{katoen2016probabilistic,
  title     = {The probabilistic model checking landscape},
  author    = {Katoen, Joost-Pieter},
  booktitle = {Proceedings of the 31st Annual ACM/IEEE Symposium on Logic in Computer Science},
  pages     = {31--45},
  year      = {2016}
}
@book{baier2008principles,
  title     = {Principles of model checking},
  author    = {Baier, Christel and Katoen, Joost-Pieter},
  year      = {2008},
  publisher = {MIT press}
}
@article{hutschenreiter2017parametric,
  title   = {Parametric Markov chains: PCTL complexity and fraction-free Gaussian elimination},
  author  = {Hutschenreiter, Lisa and Baier, Christel and Klein, Joachim},
  journal = {arXiv preprint arXiv:1709.02093},
  year    = {2017}
}
@article{eichelsbacher2002bayesian,
  title     = {Bayesian inference for Markov chains},
  author    = {Eichelsbacher, Peter and Ganesh, Ayalvadi},
  journal   = {Journal of applied probability},
  volume    = {39},
  number    = {1},
  pages     = {91--99},
  year      = {2002},
  publisher = {Cambridge University Press}
}
@inproceedings{hajnal2019data,
  title        = {Data-Informed Parameter Synthesis for Population Markov Chains},
  author       = {Hajnal, Matej and Nouvian, Morgane and {\v{S}}afr{\'a}nek, David and Petrov, Tatjana},
  booktitle    = {International Workshop on Hybrid Systems Biology},
  pages        = {147--164},
  year         = {2019},
  organization = {Springer}
}
@inproceedings{polgreen2016data,
  title        = {Data-efficient Bayesian verification of parametric Markov chains},
  author       = {Polgreen, Elizabeth and Wijesuriya, Viraj B and Haesaert, Sofie and Abate, Alessandro},
  booktitle    = {International Conference on Quantitative Evaluation of Systems},
  pages        = {35--51},
  year         = {2016},
  organization = {Springer}
}
@article{schnoerr2017approximation,
  title     = {Approximation and inference methods for stochastic biochemical kineticsâ€”a tutorial review},
  author    = {Schnoerr, David and Sanguinetti, Guido and Grima, Ramon},
  journal   = {Journal of Physics A: Mathematical and Theoretical},
  volume    = {50},
  number    = {9},
  pages     = {093001},
  year      = {2017},
  publisher = {IOP Publishing}
}
@article{boys2008bayesian,
  title     = {Bayesian inference for a discretely observed stochastic kinetic model},
  author    = {Boys, Richard J and Wilkinson, Darren J and Kirkwood, Thomas BL},
  journal   = {Statistics and Computing},
  volume    = {18},
  number    = {2},
  pages     = {125--135},
  year      = {2008},
  publisher = {Springer}
}
@misc{tds2019bayesian,
  title        = {Bayesian inference, MCMC and variational problem},
  howpublished = {\url{https://towardsdatascience.com/bayesian-inference-problem-mcmc-and-variational-inference-25a8aa9bce29}},
  note         = {Accessed: 2020-01-30}
}
@article{junges2019parameter,
  title   = {Parameter synthesis for Markov models},
  author  = {Junges, Sebastian and Abraham, Erika and Hensel, Christian and Jansen, Nils and Katoen, Joost-Pieter and Quatmann, Tim and Volk, Matthias},
  journal = {arXiv preprint arXiv:1903.07993},
  year    = {2019}
}
@article{tu2014dirichlet,
  title   = {The dirichlet-multinomial and dirichlet-categorical models for bayesian inference},
  author  = {Tu, Stephen},
  journal = {Computer Science Division, UC Berkeley},
  year    = {2014}
}
@inproceedings{kwiatkowska2011prism,
  title        = {PRISM 4.0: Verification of probabilistic real-time systems},
  author       = {Kwiatkowska, Marta and Norman, Gethin and Parker, David},
  booktitle    = {International conference on computer aided verification},
  pages        = {585--591},
  year         = {2011},
  organization = {Springer}
}

@book{baron2019probability,
  title     = {Probability and statistics for computer scientists},
  author    = {Baron, Michael},
  year      = {2019},
  publisher = {CRC Press}
}
@article{salvatier2016pymc3,
  title   = {PyMC3: Python probabilistic programming framework},
  author  = {Salvatier, John and Wiecki{\^a}, Thomas V and Fonnesbeck, Christopher},
  journal = {ascl},
  pages   = {ascl--1610},
  year    = {2016}
}
@inproceedings{jha2009bayesian,
  title        = {A bayesian approach to model checking biological systems},
  author       = {Jha, Sumit K and Clarke, Edmund M and Langmead, Christopher J and Legay, Axel and Platzer, Andr{\'e} and Zuliani, Paolo},
  booktitle    = {International conference on computational methods in systems biology},
  pages        = {218--234},
  year         = {2009},
  organization = {Springer}
}
@article{allenby2005hierarchical,
  title   = {Hierarchical Bayes Models: A Practitioners Guide. Grover R, Vriens M, eds},
  author  = {Allenby, Greg M and Rossi, Peter E and McCulloch, RE},
  journal = {SSRN Electron J},
  year    = {2005}
}
@article{meurer2017sympy,
  title     = {SymPy: symbolic computing in Python},
  author    = {Meurer, Aaron and Smith, Christopher P and Paprocki, Mateusz and {\v{C}}ert{\'\i}k, Ond{\v{r}}ej and Kirpichev, Sergey B and Rocklin, Matthew and Kumar, AMiT and Ivanov, Sergiu and Moore, Jason K and Singh, Sartaj and others},
  journal   = {PeerJ Computer Science},
  volume    = {3},
  pages     = {e103},
  year      = {2017},
  publisher = {PeerJ Inc.}
}
@inproceedings{dehnert2017storm,
  title        = {A storm is coming: A modern probabilistic model checker},
  author       = {Dehnert, Christian and Junges, Sebastian and Katoen, Joost-Pieter and Volk, Matthias},
  booktitle    = {International Conference on Computer Aided Verification},
  pages        = {592--600},
  year         = {2017},
  organization = {Springer}
}
@article{hussain2015automated,
  title     = {Automated parameter estimation for biological models using Bayesian statistical model checking},
  author    = {Hussain, Faraz and Langmead, Christopher J and Mi, Qi and Dutta-Moscato, Joyeeta and Vodovotz, Yoram and Jha, Sumit K},
  journal   = {BMC bioinformatics},
  volume    = {16},
  number    = {S17},
  pages     = {S8},
  year      = {2015},
  publisher = {Springer}
}
@inproceedings{molyneux2020abc,
  title        = {ABC(SMC){$^2$}: Simultaneous Inference and Model Checking of Chemical Reaction Networks},
  author       = {Molyneux, Gareth W and Abate, Alessandro},
  booktitle    = {International Conference on Computational Methods in Systems Biology},
  pages        = {255--279},
  year         = {2020},
  organization = {Springer}
}
@inproceedings{molyneux2019bayesian,
  title        = {Bayesian verification of chemical reaction networks},
  author       = {Molyneux, Gareth W and Wijesuriya, Viraj B and Abate, Alessandro},
  booktitle    = {International Symposium on Formal Methods},
  pages        = {461--479},
  year         = {2019},
  organization = {Springer}
}
@incollection{sokolova2004probabilistic,
  title     = {Probabilistic automata: system types, parallel composition and comparison},
  author    = {Sokolova, Ana and De Vink, Erik P},
  booktitle = {Validation of Stochastic Systems},
  pages     = {1--43},
  year      = {2004},
  publisher = {Springer}
}
@article{kingman1969markov,
  title     = {Markov population processes},
  author    = {Kingman, John FC},
  journal   = {Journal of Applied Probability},
  pages     = {1--18},
  year      = {1969},
  publisher = {JSTOR}
}
@techreport{junges2020parameter,
  title       = {Parameter synthesis in Markov models},
  author      = {Junges, Sebastian and Abate, Alessandro and Esparza, Javier and Katoen, Joost-Pieter},
  year        = {2020},
  institution = {Fachgruppe Informatik}
}
@article{daca2017faster,
  title     = {Faster statistical model checking for unbounded temporal properties},
  author    = {Daca, Przemys{\l}aw and Henzinger, Thomas A and K{\v{r}}et{\'\i}nsk{\`y}, Jan and Petrov, Tatjana},
  journal   = {ACM Transactions on Computational Logic (TOCL)},
  volume    = {18},
  number    = {2},
  pages     = {1--25},
  year      = {2017},
  publisher = {ACM New York, NY, USA}
}
@article{silk2012optimizing,
  title   = {Optimizing threshold-schedules for approximate Bayesian computation sequential Monte Carlo samplers: applications to molecular systems},
  author  = {Silk, Daniel and Filippi, Saran and Stumpf, Michael PH},
  journal = {arXiv preprint arXiv:1210.3296},
  year    = {2012}
}
@article{filippi2013optimality,
  title     = {On optimality of kernels for approximate Bayesian computation using sequential Monte Carlo},
  author    = {Filippi, Sarah and Barnes, Chris P and Cornebise, Julien and Stumpf, Michael PH},
  journal   = {Statistical applications in genetics and molecular biology},
  volume    = {12},
  number    = {1},
  pages     = {87--107},
  year      = {2013},
  publisher = {De Gruyter}
}
@article{yildirim2012bayesian,
  title   = {Bayesian inference: Metropolis-hastings sampling},
  author  = {Yildirim, Ilker},
  journal = {Dept. of Brain and Cognitive Sciences, Univ. of Rochester, Rochester, NY},
  year    = {2012}
}
@article{daviet2018inference,
  title   = {Inference with Hamiltonian Sequential Monte Carlo Simulators},
  author  = {Daviet, Remi},
  journal = {arXiv preprint arXiv:1812.07978},
  year    = {2018}
}
@article{rosenthal2011optimal,
  title     = {Optimal proposal distributions and adaptive MCMC},
  author    = {Rosenthal, Jeffrey S and others},
  journal   = {Handbook of Markov Chain Monte Carlo},
  volume    = {4},
  number    = {10.1201},
  year      = {2011},
  publisher = {Chapman \& Hall/CRC Boca Raton, FL}
}
@article{wald1945sequential,
  title     = {Sequential tests of statistical hypotheses},
  author    = {Wald, Abraham},
  journal   = {The annals of mathematical statistics},
  volume    = {16},
  number    = {2},
  pages     = {117--186},
  year      = {1945},
  publisher = {JSTOR}
}
@article{baier2003model,
  title     = {Model-checking algorithms for continuous-time Markov chains},
  author    = {Baier, Christel and Haverkort, Boudewijn and Hermanns, Holger and Katoen, J-P},
  journal   = {IEEE Transactions on software engineering},
  volume    = {29},
  number    = {6},
  pages     = {524--541},
  year      = {2003},
  publisher = {IEEE}
}
@article{hazra2020approximate,
  title     = {Approximate Bayesian computation (ABC) method for estimating parameters of the gamma process using noisy data},
  author    = {Hazra, Indranil and Pandey, Mahesh D and Manzana, Noldainerick},
  journal   = {Reliability Engineering \& System Safety},
  volume    = {198},
  pages     = {106780},
  year      = {2020},
  publisher = {Elsevier}
}
@article{del2006sequential,
  title     = {Sequential monte carlo samplers},
  author    = {Del Moral, Pierre and Doucet, Arnaud and Jasra, Ajay},
  journal   = {Journal of the Royal Statistical Society: Series B (Statistical Methodology)},
  volume    = {68},
  number    = {3},
  pages     = {411--436},
  year      = {2006},
  publisher = {Wiley Online Library}
}
@inproceedings{haesaert2015data,
  title        = {Data-driven and model-based verification: A bayesian identification approach},
  author       = {Haesaert, Sofie and Abate, Alessandro and Van den Hof, Paul MJ},
  booktitle    = {2015 54th IEEE Conference on Decision and Control (CDC)},
  pages        = {6830--6835},
  year         = {2015},
  organization = {IEEE}
}
